% This file was created with JabRef 2.7b.
% Encoding: UTF8

@BOOK{RSpatialDataAnalysis,
  title = {Applied spatial data analysis with {R}},
  publisher = {Springer, NY},
  year = {2008},
  author = {Roger S. Bivand and Edzer J. Pebesma and Virgilio Gomez-Rubio},
  url = {http://www.asdar-book.org/}
}

@ELECTRONIC{FacebookFriendMap,
  author = {Butler, Paul},
  month = {December},
  year = {2010},
  title = {Visualizing Friendships},
  language = {english},
  howpublished = {Facebook},
  organization = {Facebook},
  url = {https://www.facebook.com/notes/facebook-engineering/visualizing-friendships/469716398919},
  owner = {floe},
  timestamp = {2012.01.30}
}

@BOOK{group2011postgresql,
  title = {PostgreSQL 9.0 Official Documentation - Volume I. The SQL Language},
  publisher = {Fultus Corporation},
  year = {2011},
  author = {{Group, T.P.G.D.}},
  isbn = {9781596822467}
}

@ARTICLE{Johnson_Johnson_2000,
  author = {Johnson, Andrew L and Johnson, Brad C},
  title = {Literate Programming using noweb},
  journal = {Linux Journal},
  year = {2000},
  volume = {42},
  pages = {1--12},
  number = {42},
  publisher = {Specialized Systems Consultants, Inc.},
  url = {ftp://ftp.ssc.com/pub/lj/listings/issue42/2188.tgz}
}

@BOOK{kemper2006datenbanksysteme,
  title = {Datenbanksysteme},
  publisher = {Oldenbourg},
  year = {2006},
  author = {Kemper, A. and Eickler, A.},
  isbn = {9783486576900},
  url = {http://books.google.at/books?id=YezXpIacjkgC}
}

@MANUAL{RSnowfall,
  title = {snowfall: Easier cluster computing (based on snow).},
  author = {Jochen Knaus},
  year = {2010},
  note = {R package version 1.84},
  url = {http://CRAN.R-project.org/package=snowfall}
}

@INPROCEEDINGS{Sweave:Leisch:2002,
  author = {Leisch, Friedrich},
  title = {Sweave: Dynamic Generation of Statistical Reports Using Literate
	Data Analysis},
  booktitle = {Compstat 2002 --- Proceedings in Computational Statistics},
  year = {2002},
  editor = {Wolfgang H{\"a}rdle and Bernd R{\"o}nz},
  pages = {575--580},
  publisher = {Physica Verlag, Heidelberg},
  note = {ISBN 3-7908-1517-9},
  url = {http://www.stat.uni-muenchen.de/~leisch/Sweave}
}

@MANUAL{SweaveManual,
  title = {Sweave User Manual},
  author = {Leisch, F.},
  year = {2011},
  owner = {floe},
  timestamp = {2012.01.30}
}

@ARTICLE{Rnews:Leisch:2002,
  author = {Leisch, Friedrich},
  title = {{Sweave, Part {I}: Mixing {R} and {\LaTeX}}},
  journal = {R News},
  year = {2002},
  volume = {2},
  pages = {28--31},
  number = {3},
  month = {December},
  pdf = {#Rnews2002-3#},
  url = {#http#}
}

@MANUAL{RgoogleMaps,
  title = {RgoogleMaps: Overlays on Google map tiles in R},
  author = {Markus Loecher},
  year = {2011},
  note = {R package version 1.1.9.15},
  url = {http://CRAN.R-project.org/package=RgoogleMaps}
}

@ARTICLE{RspArticle,
  author = {Edzer J. Pebesma and Roger S. Bivand},
  title = {Classes and methods for spatial data in {R}},
  journal = {R News},
  year = {2005},
  volume = {5},
  pages = {9--13},
  number = {2},
  month = {November},
  url = {http://CRAN.R-project.org/doc/Rnews/}
}

@MANUAL{R,
  title = {R: A Language and Environment for Statistical Computing},
  author = {{R Development Core Team}},
  organization = {R Foundation for Statistical Computing},
  address = {Vienna, Austria},
  year = {2011},
  note = {{ISBN} 3-900051-07-0},
  url = {http://www.R-project.org/}
}

@ARTICLE{Ramsey_1994,
  author = {Ramsey, Norman},
  title = {Literate Programming Simplified},
  journal = {IEEE Software},
  year = {1994},
  volume = {11},
  pages = {97--105},
  number = {5},
  publisher = {IEEE Computer Society},
  url = {http://doi.ieeecomputersociety.org/10.1109/52.311070}
}

@ARTICLE{SteinAutCardioMort,
  author = {{Stein et al.}},
  title = {East-West gradient in cardio-vascular mortality in Austria: how much
	can we explain by following the pattern of risk factors?},
  journal = {International Journal of Health Geographics},
  year = {2011},
  volume = {10},
  pages = {59},
  owner = {Florian Endel},
  timestamp = {2012.01.09}
}

@MANUAL{Rsnow,
  title = {snow: Simple Network of Workstations},
  author = {Luke Tierney and A. J. Rossini and Na Li and H. Sevcikova},
  year = {2011},
  note = {R package version 0.3-8},
  url = {http://CRAN.R-project.org/package=snow}
}

@MANUAL{Rlog4r,
  title = {log4r: A simple logging system for R, based on log4j.},
  author = {John Myles White},
  year = {2011},
  note = {R package version 0.1-3},
  url = {http://CRAN.R-project.org/package=log4r}
}

@BOOK{Rggplot2,
  title = {ggplot2: elegant graphics for data analysis},
  publisher = {Springer New York},
  year = {2009},
  author = {Hadley Wickham},
  isbn = {978-0-387-98140-6},
  url = {http://had.co.nz/ggplot2/book}
}

